<?xml version="1.0" encoding="UTF-8"?><collection xmlns="http://www.loc.gov/MARC21/slim"><record><leader>00510nam--2200193-u-4500</leader><controlfield tag="001">000055791</controlfield><controlfield tag="002">20161230</controlfield><controlfield tag="005">20161230201052</controlfield><controlfield tag="008">130604s1000------------r-----000-0-eng-d</controlfield><datafield ind1=" " ind2=" " tag="040"><subfield code="a">IFIN-HH</subfield></datafield><datafield ind1=" " ind2=" " tag="080"><subfield code="a">521</subfield></datafield><datafield ind1="1" ind2=" " tag="100"><subfield code="a">Skilling, William T</subfield></datafield><datafield ind1="1" ind2="0" tag="245"><subfield code="a">Astronomy</subfield><subfield code="c">William t. skilling, robert s. richardson</subfield></datafield><datafield ind1=" " ind2=" " tag="250"><subfield code="a">Revised Edition</subfield></datafield><datafield ind1=" " ind2=" " tag="260"><subfield code="a">New York</subfield><subfield code="b">Henry Holt And Company</subfield><subfield code="c">1949</subfield></datafield><datafield ind1=" " ind2=" " tag="300"><subfield code="a">XI+692P</subfield></datafield><datafield ind1=" " ind2=" " tag="700"><subfield code="a">Richardson, Robert T</subfield></datafield><datafield ind1=" " ind2=" " tag="852"><subfield code="a">1065</subfield><subfield code="c">521</subfield></datafield><datafield ind1=" " ind2=" " tag="CAT"><subfield code="a">Sys</subfield><subfield code="c">20130604</subfield><subfield code="h">150831</subfield></datafield></record></collection>